<?xml version="1.0" encoding="UTF-8"?><collection xmlns="http://www.loc.gov/MARC21/slim"><record><leader>00352nam--2200133-i-4500</leader><controlfield tag="001">000013110</controlfield><controlfield tag="002">20161230</controlfield><controlfield tag="005">20161230201030</controlfield><controlfield tag="008">060222s1000------------r-----000-0-eng-d</controlfield><datafield ind1=" " ind2=" " tag="080"><subfield code="a">620.179.16</subfield></datafield><datafield ind1=" " ind2=" " tag="100"><subfield code="a">Bohatiel, T. Si Nastase, E</subfield></datafield><datafield ind1=" " ind2=" " tag="245"><subfield code="a">Defectoscopie ultrasonica fizica si tehnica</subfield></datafield><datafield ind1=" " ind2=" " tag="260"><subfield code="a">Bucuresti, Ed.Tehnica, 1979. 383 P</subfield></datafield><datafield ind1=" " ind2=" " tag="852"><subfield code="a">47371</subfield></datafield></record></collection>